%% LaTeX2e file `publications.bib'
%% generated by the `filecontents' environment
%% from source `CV' on 2020/10/09.
%%
 @article{day2020two,
  author={Day, Josh W and Robinson, Stephen K},
  title={{Two-Fault} {Tolerant} {Cold} {Gas} {Propulsion} {System} for {Spacecraft-Inspection} {CubeSat}},
  booktitle={AIAA Scitech 2020 Forum},
  pages={1665},
  year={2020},
  note={DOI: \url{https://doi.org/10.2514/6.2020-1665}}
   }
